% This file was created with JabRef 2.10b2.
% Encoding: UTF-8

@Manual{Thesis_LaTeX_2,
  Title                    = {Hints and Tips on (Science and Engineering) Bachelor’s and Master’s Thesis Writing},
  Author                   = {McMahon, P.},
  Month                    = {Mayo},
  Year                     = {2009},

  Owner                    = {root},
  Timestamp                = {2016.12.10}
}

@Article{Thesis_LaTeX,
  Title                    = {Writing a thesis with LaTeX},
  Author                   = {Mori, L.},
  Journal                  = {The PracTeX Journal},
  Year                     = {2008},

  Month                    = {Diciembre},

  Abstract                 = {This article provides useful tools to write a thesis with L A TEX. It analyzes the typical problems that arise while writing a thesis with LaTeX and suggests improved solutions by handling easy packages. Many suggestions can be applied to book and article styles, as well.},
  Owner                    = {root},
  Timestamp                = {2016.12.10}
}
